<?xml version="1.0" encoding="UTF-8"?>
<collection xmlns:xsi="http://www.w3.org/2001/XMLSchema-instance" xsi:schemaLocation="http://www.loc.gov/MARC21/slim http://www.loc.gov/standards/marcxml/schema/MARC21slim.xsd" xmlns="http://www.loc.gov/MARC21/slim">
<record>
  <leader>00542cam a22002051  4500</leader>
  <controlfield tag="001">3076141</controlfield>
  <controlfield tag="003">NNC</controlfield>
  <controlfield tag="005">20140219125531.0</controlfield>
  <controlfield tag="008">010828s1948    mr            000 0 ara d</controlfield>
  <datafield tag="035" ind1=" " ind2=" ">
    <subfield code="a">(OCoLC)ocm47854706</subfield>
  </datafield>
  <datafield tag="035" ind1=" " ind2=" ">
    <subfield code="9">ATP9704CU</subfield>
  </datafield>
  <datafield tag="035" ind1=" " ind2=" ">
    <subfield code="a">(NNC)3076141</subfield>
  </datafield>
  <datafield tag="040" ind1=" " ind2=" ">
    <subfield code="a">ZCU</subfield>
    <subfield code="c">ZCU</subfield>
  </datafield>
  <datafield tag="099" ind1=" " ind2=" ">
    <subfield code="a">893.791</subfield>
    <subfield code="a">G935</subfield>
  </datafield>
  <datafield tag="100" ind1="1" ind2=" ">
    <subfield code="a">Gannūn, ʻAbd Allāh,</subfield>
    <subfield code="d">1908-</subfield>
  </datafield>
  <datafield tag="245" ind1="1" ind2="0">
    <subfield code="a">Waḥt al-fikr.</subfield>
  </datafield>
  <datafield tag="246" ind1="0" ind2="4">
    <subfield code="a">Instituto Muley el Hasan.</subfield>
    <subfield code="b">Abd Allah Guen-nún. El oasis del pensamiento</subfield>
  </datafield>
  <datafield tag="260" ind1=" " ind2=" ">
    <subfield code="a">Tetuan,</subfield>
    <subfield code="c">1948.</subfield>
  </datafield>
  <datafield tag="300" ind1=" " ind2=" ">
    <subfield code="a">195 p.</subfield>
  </datafield>
  <datafield tag="955" ind1=" " ind2=" ">
    <subfield code="b">CU58885625</subfield>
    <subfield code="d">off,glx</subfield>
    <subfield code="e">893.791 G935</subfield>
  </datafield>
</record>
</collection>